@article{Guo2018,
    title = {Matrix product operators for sequence-to-sequence learning},
    author = {Guo, Chu and Jie, Zhanming and Lu, Wei and Poletti, Dario},
    journal = {Phys. Rev. E},
    volume = {98},
    issue = {4},
    pages = {042114},
    numpages = {12},
    year = {2018},
    month = {Oct},
    publisher = {American Physical Society},
    doi = {10.1103/PhysRevE.98.042114},
    url = {https://link.aps.org/doi/10.1103/PhysRevE.98.042114}
}

@article{Han2018,
    title = {Unsupervised Generative Modeling Using Matrix Product States},
    author = {Han, Zhao-Yu and Wang, Jun and Fan, Heng and Wang, Lei and Zhang, Pan},
    journal = {Phys. Rev. X},
    volume = {8},
    issue = {3},
    pages = {031012},
    numpages = {13},
    year = {2018},
    month = {Jul},
    publisher = {American Physical Society},
    doi = {10.1103/PhysRevX.8.031012},
    url = {https://link.aps.org/doi/10.1103/PhysRevX.8.031012}
}

@article{Peruzzo2014,
    title={A variational eigenvalue solver on a photonic quantum processor},
    author={Peruzzo, Alberto and McClean, Jarrod and Shadbolt, Peter and Yung, Man-Hong and Zhou, Xiao-Qi and Love, Peter J and Aspuru-Guzik, Al{\'a}n and O’brien, Jeremy L},
    journal={Nat. Commun.},
    volume={5},
    pages={4213},
    year={2014},
    publisher={Nature Publishing Group},
    url={https://www.nature.com/articles/ncomms5213}
}

@article {Reiher2017,
	author = {Reiher, Markus and Wiebe, Nathan and Svore, Krysta M. and Wecker, Dave and Troyer, Matthias},
	title = {Elucidating reaction mechanisms on quantum computers},
	elocation-id = {201619152},
	year = {2017},
	doi = {10.1073/pnas.1619152114},
	publisher = {National Academy of Sciences},
	issn = {0027-8424},
    volume={114},
    pages={7555},
	URL = {https://www.pnas.org/content/early/2017/06/30/1619152114},
	journal = {Proc. Natl. Acad. Sci. U.S.A.}
}

@article{Mitarai2018,
    title = {Quantum circuit learning},
    author = {Mitarai, K. and Negoro, M. and Kitagawa, M. and Fujii, K.},
    journal = {Phys. Rev. A},
    volume = {98},
    issue = {3},
    pages = {032309},
    numpages = {6},
    year = {2018},
    month = {Sep},
    publisher = {American Physical Society},
    doi = {10.1103/PhysRevA.98.032309},
    url = {https://link.aps.org/doi/10.1103/PhysRevA.98.032309}
}

@article{Li2017a,
    title = {Hybrid Quantum-Classical Approach to Quantum Optimal Control},
    author = {Li, Jun and Yang, Xiaodong and Peng, Xinhua and Sun, Chang-Pu},
    journal = {Phys. Rev. Lett.},
    volume = {118},
    issue = {15},
    pages = {150503},
    numpages = {5},
    year = {2017},
    month = {Apr},
    publisher = {American Physical Society},
    url = {https://link.aps.org/doi/10.1103/PhysRevLett.118.150503}
}

@article{Verdon2018,
    title={A Universal Training Algorithm for Quantum Deep Learning},
    author={Verdon, Guillaume and Pye, Jason and Broughton, Michael},
    eprint={arXiv:1806.09729},
    url={https://arxiv.org/abs/1806.09729},
}

@article{Verstraete2004,
    title = {Density Matrix Renormalization Group and Periodic Boundary Conditions: A Quantum Information Perspective},
    author = {Verstraete, F. and Porras, D. and Cirac, J. I.},
    journal = {Phys. Rev. Lett.},
    volume = {93},
    issue = {22},
    pages = {227205},
    numpages = {4},
    year = {2004},
    month = {Nov},
    publisher = {American Physical Society},
    doi = {10.1103/PhysRevLett.93.227205},
    url = {https://link.aps.org/doi/10.1103/PhysRevLett.93.227205}
}

@article{Eisert2010,
    title = {Colloquium: Area laws for the entanglement entropy},
    author = {Eisert, J. and Cramer, M. and Plenio, M. B.},
    journal = {Rev. Mod. Phys.},
    volume = {82},
    issue = {1},
    pages = {277--306},
    numpages = {0},
    year = {2010},
    month = {Feb},
    publisher = {American Physical Society},
    doi = {10.1103/RevModPhys.82.277},
    url = {https://link.aps.org/doi/10.1103/RevModPhys.82.277}
}

@article{Hastings2007,
    author={M B Hastings},
    title={An area law for one-dimensional quantum systems},
    journal={J. Stat. Mech.},
    volume={2007},
    number={08},
    pages={P08024},
    url={http://stacks.iop.org/1742-5468/2007/i=08/a=P08024},
    year={2007},
}

@article{Orus2014,
    title = "A practical introduction to tensor networks: Matrix product states and projected entangled pair states",
    journal = "Ann. Phys. (N.Y.)",
    volume = "349",
    pages = "117 - 158",
    year = "2014",
    issn = "0003-4916",
    url = "http://www.sciencedirect.com/science/article/pii/S0003491614001596",
    author = "Román Orús",
    keywords = "Tensor networks, MPS, PEPS, Entanglement",
}
@article{Schollwock2011,
    title = "The density-matrix renormalization group in the age of matrix product states",
    journal = "Ann. Phys. (N.Y.)",
    volume = "326",
    number = "1",
    pages = "96 - 192",
    year = "2011",
    issn = "0003-4916",
    url = "http://dx.doi.org/10.1016/j.aop.2010.09.012",
    author = "Ulrich Schollwöck",
}

@Article{Cheng2018,
    AUTHOR = {Cheng, Song and Chen, Jing and Wang, Lei},
    TITLE = {Information Perspective to Probabilistic Modeling: Boltzmann Machines versus Born Machines},
    JOURNAL = {Entropy},
    VOLUME = {20},
    YEAR = {2018},
    NUMBER = {8},
    ARTICLE-NUMBER = {583},
    URL = {http://www.mdpi.com/1099-4300/20/8/583},
    ISSN = {1099-4300},
    DOI = {10.3390/e20080583}
}

@incollection{Stoudenmire2016,
    title = {Supervised Learning with Tensor Networks},
    author = {Stoudenmire, Edwin and Schwab, David J},
    booktitle = {Advances in Neural Information Processing Systems 29},
    editor = {D. D. Lee and M. Sugiyama and U. V. Luxburg and I. Guyon and R. Garnett},
    pages = {4799--4807},
    year = {2016},
    publisher = {Curran Associates, Inc.},
    url = {http://papers.nips.cc/paper/6211-supervised-learning-with-tensor-networks.pdf}
}

@article{Cramer2010,
    title={Efficient quantum state tomography},
    author={Cramer, Marcus and Plenio, Martin B and Flammia, Steven T and Somma, Rolando and Gross, David and Bartlett, Stephen D and Landon-Cardinal, Olivier and Poulin, David and Liu, Yi-Kai},
    journal={Nat. Commun.},
    volume={1},
    pages={149},
    year={2010},
    publisher={Nature Publishing Group},
    url={https://www.nature.com/articles/ncomms1147}
}


@Inbook{Williams2011,
    author="Williams, Colin P.",
    title="Quantum Gates",
    bookTitle="Explorations in Quantum Computing",
    year="2011",
    publisher="Springer London",
    address="London",
    pages="51--122",
    isbn="978-1-84628-887-6",
    doi="10.1007/978-1-84628-887-6_2",
    url="https://doi.org/10.1007/978-1-84628-887-6_2"
}

@misc{Yao,
    note={\href{https://github.com/QuantumBFS/Yao.jl}{https://github.com/QuantumBFS/Yao.jl}}
}

@misc{CuYao,
    note={\href{https://github.com/QuantumBFS/CuYao.jl}{https://github.com/QuantumBFS/CuYao.jl}}
}

@article{Preskill2018,
    title={Quantum Computing in the NISQ era and beyond},
    author={Preskill, John},
    eprint={arXiv:1801.00862},
    url={https://arxiv.org/abs/1801.00862}
}

@ARTICLE{Besard2018,
    author={T. Besard and C. Foket and B. De Sutter},
    journal={IEEE Transactions on Parallel and Distributed Systems},
    title={Effective Extensible Programming: Unleashing Julia on GPUs},
    year={2018},
    volume={},
    number={},
    pages={1-1},
    keywords={Graphics processing units;Programming;Hardware;High level languages;Libraries;Graphics processors;very high-level languages;code generation;retargetable compilers},
    doi={10.1109/TPDS.2018.2872064},
    ISSN={1045-9219},
    month={},
}

@article{Weichselbaum2012,
    title = "Non-abelian symmetries in tensor networks: A quantum symmetry space approach",
    journal = "Ann. Phys. (Amsterdam)",
    volume = "327",
    number = "12",
    pages = "2972 - 3047",
    year = "2012",
    issn = "0003-4916",
    url = "http://www.sciencedirect.com/science/article/pii/S0003491612001121",
    author = "Andreas Weichselbaum",
    keywords = "Non-abelian symmetries, Clebsch–Gordan coefficients, Lie algebra, Numerical renormalization group, Density matrix renormalization group, Tensor networks",
}

@article{Kawano2006,
    title = {Quantum gates generated by rotationally invariant operators in a decoherence-free subsystem},
    author = {Kawano, Y. and Ozawa, M.},
    journal = {Phys. Rev. A},
    volume = {73},
    issue = {1},
    pages = {012339},
    numpages = {8},
    year = {2006},
    month = {Jan},
    publisher = {American Physical Society},
    doi = {10.1103/PhysRevA.73.012339},
    url = {https://link.aps.org/doi/10.1103/PhysRevA.73.012339}
}

@article{Liu2018,
    title = {Differentiable learning of quantum circuit Born machines},
    author = {Liu, Jin-Guo and Wang, Lei},
    journal = {Phys. Rev. A},
    volume = {98},
    issue = {6},
    pages = {062324},
    numpages = {9},
    year = {2018},
    month = {Dec},
    publisher = {American Physical Society},
    doi = {10.1103/PhysRevA.98.062324},
    url = {https://link.aps.org/doi/10.1103/PhysRevA.98.062324}
}

@article{Schmoll2018,
    title={A programming guide for tensor networks with global $ SU (2) $ symmetry},
    author={Schmoll, Philipp and Singh, Sukhbinder and Rizzi, Matteo and Orus, Roman},
    eprint={arXiv:1809.08180},
    url={http://arxiv.org/abs/1809.08180},
}

@article{Ryabinkin2018,
    title={Qubit coupled cluster method: A systematic approach to quantum chemistry on a quantum computer},
    author={Ryabinkin, Ilya G and Yen, Tzu-Cheng and Genin, Scott N and Izmaylov, Artur F},
    journal={Journal of chemical theory and computation},
    year={2018},
    publisher={ACS Publications}
}

@article{Negele1988,
    title={Quantum many-particle systems},
    author={Negele, John W and Orland, Henri},
    year={1988},
    publisher={Westview}
}

@article{Farhi2014,
    title={A Quantum Approximate Optimization Algorithm},
    author={Farhi, Edward and Goldstone, Jeffrey and Gutmann, Sam},
    eprint={arXiv:1411.4028},
    url={http://arxiv.org/abs/1411.4028},
}

@article {Ciliberto2017,
    author = {Ciliberto, Carlo and Herbster, Mark and Ialongo, Alessandro Davide and Pontil, Massimiliano and Rocchetto, Andrea and Severini, Simone and Wossnig, Leonard},
    title = {Quantum machine learning: a classical perspective},
    volume = {474},
    number = {2209},
    year = {2018},
    publisher = {The Royal Society},
    issn = {1364-5021},
    URL = {http://rspa.royalsocietypublishing.org/content/474/2209/20170551},
    journal = {Proc. R. Soc. A}
}

@article{Ostlund1995,
    title = {Thermodynamic Limit of Density Matrix Renormalization},
    author = {\"Ostlund, Stellan and Rommer, Stefan},
    journal = {Phys. Rev. Lett.},
    volume = {75},
    issue = {19},
    pages = {3537--3540},
    numpages = {0},
    year = {1995},
    month = {Nov},
    publisher = {American Physical Society},
    doi = {10.1103/PhysRevLett.75.3537},
    url = {https://link.aps.org/doi/10.1103/PhysRevLett.75.3537}
}

@article{Vidal2003,
    title = {Efficient Classical Simulation of Slightly Entangled Quantum Computations},
    author = {Vidal, Guifr\'e},
    journal = {Phys. Rev. Lett.},
    volume = {91},
    issue = {14},
    pages = {147902},
    numpages = {4},
    year = {2003},
    month = {Oct},
    publisher = {American Physical Society},
    doi = {10.1103/PhysRevLett.91.147902},
    url = {https://link.aps.org/doi/10.1103/PhysRevLett.91.147902}
}

@article{Yung2014,
    title={From transistor to trapped-ion computers for quantum chemistry},
    author={Yung, M-H and Casanova, J and Mezzacapo, Antonio and McClean, J and Lamata, L and Aspuru-Guzik, A and Solano, E},
    journal={Sci. Rep.},
    volume={4},
    pages={3589},
    year={2014},
    publisher={Nature Publishing Group},
    url={https://www.nature.com/articles/srep03589}
}

@article{Lee2018,
    author = {Lee, Joonho and Huggins, William J. and Head-Gordon, Martin and Whaley, K. Birgitta},
    title = {Generalized Unitary Coupled Cluster Wave functions for Quantum Computation},
    journal = {J. Chem. Theory Comput.},
    volume={15},
    number={1},
    pages={311--324},
    year = {2018},
    doi = {10.1021/acs.jctc.8b01004},
    URL = {https://doi.org/10.1021/acs.jctc.8b01004},
}



@article{Schon2005,
    title = {Sequential Generation of Entangled Multiqubit States},
    author = {Sch\"on, C. and Solano, E. and Verstraete, F. and Cirac, J. I. and Wolf, M. M.},
    journal = {Phys. Rev. Lett.},
    volume = {95},
    issue = {11},
    pages = {110503},
    numpages = {4},
    year = {2005},
    month = {Sep},
    publisher = {American Physical Society},
    doi = {10.1103/PhysRevLett.95.110503},
    url = {https://link.aps.org/doi/10.1103/PhysRevLett.95.110503}
}

@article{Schon2007,
    title = {Sequential generation of matrix-product states in cavity QED},
    author = {Sch\"on, C. and Hammerer, K. and Wolf, M. M. and Cirac, J. I. and Solano, E.},
    journal = {Phys. Rev. A},
    volume = {75},
    issue = {3},
    pages = {032311},
    numpages = {10},
    year = {2007},
    month = {Mar},
    publisher = {American Physical Society},
    doi = {10.1103/PhysRevA.75.032311},
    url = {https://link.aps.org/doi/10.1103/PhysRevA.75.032311}
}

@article{Huang2017,
    title={Provably efficient neural network representation for image classification},
    author={Huang, Yichen},
    eprint={arXiv:1711.04606},
    url={https://arxiv.org/abs/1711.04606}
}


@article{Nandkishore2015,
    author = {Nandkishore, Rahul and Huse, David A.},
    title = {Many-Body Localization and Thermalization in Quantum Statistical Mechanics},
    journal = {Annu. Rev. Condens. Matter Phys.},
    volume = {6},
    number = {1},
    pages = {15-38},
    year = {2015},
    doi = {10.1146/annurev-conmatphys-031214-014726},
    URL = {https://doi.org/10.1146/annurev-conmatphys-031214-014726},
}

@article{Kim2013,
    title = {Ballistic Spreading of Entanglement in a Diffusive Nonintegrable System},
    author = {Kim, Hyungwon and Huse, David A.},
    journal = {Phys. Rev. Lett.},
    volume = {111},
    issue = {12},
    pages = {127205},
    numpages = {5},
    year = {2013},
    month = {Sep},
    publisher = {American Physical Society},
    doi = {10.1103/PhysRevLett.111.127205},
    url = {https://link.aps.org/doi/10.1103/PhysRevLett.111.127205}
}

@article{Uria2016,
    author = {Uria, Benigno and C\^{o}t{\'e}, Marc-Alexandre and Gregor, Karol and Murray, Iain and Larochelle, Hugo},
    title = {Neural Autoregressive Distribution Estimation},
    journal = {J. Mach. Learn. Res.},
    issue_date = {January 2016},
    volume = {17},
    number = {1},
    month = jan,
    year = {2016},
    issn = {1532-4435},
    pages = {7184--7220},
    numpages = {37},
    url = {http://dl.acm.org/citation.cfm?id=2946645.3053487},
    acmid = {3053487},
    publisher = {JMLR.org},
    keywords = {deep learning, density modeling, neural networks, unsupervised learning},
}

@article{Bezanson2012,
    title={Julia: A fast dynamic language for technical computing},
    author={Bezanson, Jeff and Karpinski, Stefan and Shah, Viral B and Edelman, Alan},
    eprint={arXiv:1209.5145},
    url={https://arxiv.org/abs/1209.5145}
}

@article {Linke2017,
	author = {Linke, Norbert M. and Maslov, Dmitri and Roetteler, Martin and Debnath, Shantanu and Figgatt, Caroline and Landsman, Kevin A. and Wright, Kenneth and Monroe, Christopher},
	title = {Experimental comparison of two quantum computing architectures},
	volume = {114},
	number = {13},
	pages = {3305--3310},
	year = {2017},
	doi = {10.1073/pnas.1618020114},
	publisher = {National Academy of Sciences},
	issn = {0027-8424},
	URL = {https://www.pnas.org/content/114/13/3305},
	journal = {Proc. Natl. Acad. Sci. U.S.A.}
}

@misc{Google2018,
    author = {Julian Kelly},
    title = {A Preview of Bristlecone, Google's New Quantum Processor},
    url = {https://research.googleblog.com/2018/03/a-preview-of-bristlecone-googles-new.html},
    year = {2018}
}

@misc{IonQ2018,
    title = {IonQ harnesses single-atom qubits to build the world’s most powerful quantum computer},
    url = {https://ionq.co/news/december-11-2018},
    year = {2018}
}

@article{Ortiz2001,
    title = {Quantum algorithms for fermionic simulations},
    author = {Ortiz, G. and Gubernatis, J. E. and Knill, E. and Laflamme, R.},
    journal = {Phys. Rev. A},
    volume = {64},
    issue = {2},
    pages = {022319},
    numpages = {14},
    year = {2001},
    month = {Jul},
    publisher = {American Physical Society},
    doi = {10.1103/PhysRevA.64.022319},
    url = {https://link.aps.org/doi/10.1103/PhysRevA.64.022319}
}

@article{Monras2010,
    title={Hidden Quantum Markov Models and non-adaptive read-out of many-body states},
    author={Monras, Alex and Beige, Almut and Wiesner, Karoline},
    eprint={arXiv:1002.2337},
    url={https://arxiv.org/abs/1002.2337}
}

@article{Verstraete2006,
    title = {Criticality, the Area Law, and the Computational Power of Projected Entangled Pair States},
    author = {Verstraete, F. and Wolf, M. M. and Perez-Garcia, D. and Cirac, J. I.},
    journal = {Phys. Rev. Lett.},
    volume = {96},
    issue = {22},
    pages = {220601},
    numpages = {4},
    year = {2006},
    month = {Jun},
    publisher = {American Physical Society},
    doi = {10.1103/PhysRevLett.96.220601},
    url = {https://link.aps.org/doi/10.1103/PhysRevLett.96.220601}
}

@article{Schuch2007,
    title = {Computational Complexity of Projected Entangled Pair States},
    author = {Schuch, Norbert and Wolf, Michael M. and Verstraete, Frank and Cirac, J. Ignacio},
    journal = {Phys. Rev. Lett.},
    volume = {98},
    issue = {14},
    pages = {140506},
    numpages = {4},
    year = {2007},
    month = {Apr},
    publisher = {American Physical Society},
    doi = {10.1103/PhysRevLett.98.140506},
    url = {https://link.aps.org/doi/10.1103/PhysRevLett.98.140506}
}

@article{Eichler2015,
    title = {Exploring Interacting Quantum Many-Body Systems by Experimentally Creating Continuous Matrix Product States in Superconducting Circuits},
    author = {Eichler, C. and Mlynek, J. and Butscher, J. and Kurpiers, P. and Hammerer, K. and Osborne, T. J. and Wallraff, A.},
    journal = {Phys. Rev. X},
    volume = {5},
    issue = {4},
    pages = {041044},
    numpages = {13},
    year = {2015},
    month = {Dec},
    publisher = {American Physical Society},
    doi = {10.1103/PhysRevX.5.041044},
    url = {https://link.aps.org/doi/10.1103/PhysRevX.5.041044}
}

@article{Verstraete2010,
    title = {Continuous Matrix Product States for Quantum Fields},
    author = {Verstraete, F. and Cirac, J. I.},
    journal = {Phys. Rev. Lett.},
    volume = {104},
    issue = {19},
    pages = {190405},
    numpages = {4},
    year = {2010},
    month = {May},
    publisher = {American Physical Society},
    doi = {10.1103/PhysRevLett.104.190405},
    url = {https://link.aps.org/doi/10.1103/PhysRevLett.104.190405}
}

@article{Barrett2013,
    title = {Simulating Quantum Fields with Cavity QED},
    author = {Barrett, Sean and Hammerer, Klemens and Harrison, Sarah and Northup, Tracy E. and Osborne, Tobias J.},
    journal = {Phys. Rev. Lett.},
    volume = {110},
    issue = {9},
    pages = {090501},
    numpages = {6},
    year = {2013},
    month = {Feb},
    publisher = {American Physical Society},
    doi = {10.1103/PhysRevLett.110.090501},
    url = {https://link.aps.org/doi/10.1103/PhysRevLett.110.090501}
}

@article{Han2018,
    title = {Unsupervised Generative Modeling Using Matrix Product States},
    author = {Han, Zhao-Yu and Wang, Jun and Fan, Heng and Wang, Lei and Zhang, Pan},
    journal = {Phys. Rev. X},
    volume = {8},
    issue = {3},
    pages = {031012},
    numpages = {13},
    year = {2018},
    month = {Jul},
    publisher = {American Physical Society},
    doi = {10.1103/PhysRevX.8.031012},
    url = {https://link.aps.org/doi/10.1103/PhysRevX.8.031012}
}

@article{Viola1998,
    title = {Dynamical suppression of decoherence in two-state quantum systems},
    author = {Viola, Lorenza and Lloyd, Seth},
    journal = {Phys. Rev. A},
    volume = {58},
    issue = {4},
    pages = {2733--2744},
    numpages = {0},
    year = {1998},
    month = {Oct},
    publisher = {American Physical Society},
    doi = {10.1103/PhysRevA.58.2733},
    url = {https://link.aps.org/doi/10.1103/PhysRevA.58.2733}
}

@article{Stoudenmire2012,
    author = {Stoudenmire, E.M. and White, Steven R.},
    title = {Studying Two-Dimensional Systems with the Density Matrix Renormalization Group},
    journal = {Annu. Rev. Condens. Matter Phys.},
    volume = {3},
    number = {1},
    pages = {111-128},
    year = {2012},
    doi = {10.1146/annurev-conmatphys-020911-125018},
    URL = {https://doi.org/10.1146/annurev-conmatphys-020911-125018},
}


@article{Huggins2019,
    author={William Huggins and Piyush Patil and Bradley Mitchell and K Birgitta Whaley and E Miles Stoudenmire},
    title={Towards quantum machine learning with tensor networks},
    journal={Quantum Sci. Technol.},
    volume={4},
    number={2},
    pages={024001},
    url={http://stacks.iop.org/2058-9565/4/i=2/a=024001},
    year={2019},
}
	
@misc{github,
    note={\href{https://github.com/GiggleLiu/QuantumMPS}{https://github.com/GiggleLiu/QuantumMPS}},
}

@article{Schafer2018,
    title={Fast quantum logic gates with trapped-ion qubits},
    author={Sch{\"a}fer, VM and Ballance, CJ and Thirumalai, K and Stephenson, LJ and Ballance, TG and Steane, AM and Lucas, DM},
    journal={Nature},
    volume={555},
    number={7694},
    pages={75},
    year={2018},
    publisher={Nature Publishing Group},
    url={https://www.nature.com/articles/nature25737}
}

@article{OMalley2016,
    title = {Scalable Quantum Simulation of Molecular Energies},
    author = {O'Malley, P. J. J. and Babbush, R. and Kivlichan, I. D. and Romero, J. and McClean, J. R. and Barends, R. and Kelly, J. and Roushan, P. and Tranter, A. and Ding, N. and Campbell, B. and Chen, Y. and Chen, Z. and Chiaro, B. and Dunsworth, A. and Fowler, A. G. and Jeffrey, E. and Lucero, E. and Megrant, A. and Mutus, J. Y. and Neeley, M. and Neill, C. and Quintana, C. and Sank, D. and Vainsencher, A. and Wenner, J. and White, T. C. and Coveney, P. V. and Love, P. J. and Neven, H. and Aspuru-Guzik, A. and Martinis, J. M.},
    journal = {Phys. Rev. X},
    volume = {6},
    issue = {3},
    pages = {031007},
    numpages = {13},
    year = {2016},
    month = {Jul},
    publisher = {American Physical Society},
    doi = {10.1103/PhysRevX.6.031007},
    url = {https://link.aps.org/doi/10.1103/PhysRevX.6.031007}
}

@article{Wecker2015a,
    title = {Progress towards practical quantum variational algorithms},
    author = {Wecker, Dave and Hastings, Matthew B. and Troyer, Matthias},
    journal = {Phys. Rev. A},
    volume = {92},
    issue = {4},
    pages = {042303},
    numpages = {10},
    year = {2015},
    month = {Oct},
    publisher = {American Physical Society},
    doi = {10.1103/PhysRevA.92.042303},
    url = {https://link.aps.org/doi/10.1103/PhysRevA.92.042303}
}
@book{Bishop2006,
    author = {Bishop, Christopher M.},
    title = {Pattern Recognition and Machine Learning (Information Science and Statistics)},
    year = {2006},
    isbn = {0387310738},
    publisher = {Springer-Verlag},
    address = {Berlin, Heidelberg},
}

@article{Li2017b,
    title = {Efficient Variational Quantum Simulator Incorporating Active Error Minimization},
    author = {Li, Ying and Benjamin, Simon C.},
    journal = {Phys. Rev. X},
    volume = {7},
    issue = {2},
    pages = {021050},
    numpages = {14},
    year = {2017},
    month = {Jun},
    publisher = {American Physical Society},
    doi = {10.1103/PhysRevX.7.021050},
    url = {https://link.aps.org/doi/10.1103/PhysRevX.7.021050}
}

@article{Trotter1959,
    title={On the product of semi-groups of operators},
    author={Trotter, Hale F},
    journal={Proc. Am. Math. Soc.},
    volume={10},
    number={4},
    pages={545--551},
    year={1959},
    publisher={JSTOR},
    url={https://www.jstor.org/stable/2033649}
}

@article{Lloyd1996,
    title={Universal quantum simulators},
    author={Lloyd, Seth},
    journal={Science},
    pages={1073--1078},
    year={1996},
    publisher={JSTOR},
    url={https://www.jstor.org/stable/2899535}
}

@article{Bergholm2018,
    title={PennyLane: Automatic differentiation of hybrid quantum-classical computations},
    author={Bergholm, Ville and Izaac, Josh and Schuld, Maria and Gogolin, Christian and Killoran, Nathan},
    eprint={arXiv:1811.04968},
    url={https://arxiv.org/abs/1811.04968}
}


@article{Schuld2018,
    title={Evaluating analytic gradients on quantum hardware},
    author={Schuld, Maria and Bergholm, Ville and Gogolin, Christian and Izaac, Josh and Killoran, Nathan},
    eprint={arXiv:1811.11184},
    url={https://arxiv.org/abs/1811.11184}
}

@article{Javier2018,
    title={Calculus on parameterized quantum circuits},
    author={Javier Gil Vidal and Dirk Oliver Theis},
    eprint={arXiv:1812.06323},
    url={https://arxiv.org/abs/1812.06323}
}


@article{Cao2018,
    title={Quantum Chemistry in the Age of Quantum Computing},
    author={Cao, Yudong and Romero, Jonathan and Olson, Jonathan P and Degroote, Matthias and Johnson, Peter D and Kieferov{\'a}, M{\'a}ria and Kivlichan, Ian D and Menke, Tim and Peropadre, Borja and Sawaya, Nicolas PD and others},
    eprint={arXiv:1812.09976},
    url={https://arxiv.org/abs/1812.09976}
}

@article{Lou2007,
    title = {Variational ground states of two-dimensional antiferromagnets in the valence bond basis},
    author = {Lou, Jie and Sandvik, Anders W.},
    journal = {Phys. Rev. B},
    volume = {76},
    issue = {10},
    pages = {104432},
    numpages = {8},
    year = {2007},
    month = {Sep},
    publisher = {American Physical Society},
    doi = {10.1103/PhysRevB.76.104432},
    url = {https://link.aps.org/doi/10.1103/PhysRevB.76.104432}
}

@article{Liang1988,
    title = {Some New Variational Resonating-Valence-Bond-Type Wave Functions for the Spin-\textonehalf{} Antiferromagnetic Heisenberg Model on a Square Lattice},
    author = {Liang, S. and Doucot, B. and Anderson, P. W.},
    journal = {Phys. Rev. Lett.},
    volume = {61},
    issue = {3},
    pages = {365--368},
    numpages = {0},
    year = {1988},
    month = {Jul},
    publisher = {American Physical Society},
    doi = {10.1103/PhysRevLett.61.365},
    url = {https://link.aps.org/doi/10.1103/PhysRevLett.61.365}
}

@article{Babbush2018,
    title = {Low-Depth Quantum Simulation of Materials},
    author = {Babbush, Ryan and Wiebe, Nathan and McClean, Jarrod and McClain, James and Neven, Hartmut and Chan, Garnet Kin-Lic},
    journal = {Phys. Rev. X},
    volume = {8},
    issue = {1},
    pages = {011044},
    numpages = {40},
    year = {2018},
    month = {Mar},
    publisher = {American Physical Society},
    doi = {10.1103/PhysRevX.8.011044},
    url = {https://link.aps.org/doi/10.1103/PhysRevX.8.011044}
}

@article{Motta2018,
    title={Low rank representations for quantum simulation of electronic structure},
    author={Motta, Mario and Ye, Erika and McClean, Jarrod R and Li, Zhendong and Minnich, Austin J and Babbush, Ryan and Chan, Garnet Kin},
    eprint={arXiv:1808.02625},
    url={https://arxiv.org/abs/1808.02625}
}

@Article{McClean2018,
    author={McClean, Jarrod R. and Boixo, Sergio and Smelyanskiy, Vadim N. and Babbush, Ryan and Neven, Hartmut},
    title={Barren plateaus in quantum neural network training landscapes},
    journal={Nat. Commun.},
    year={2018},
    volume={9},
    number={1},
    pages={4812},
    issn={2041-1723},
    doi={10.1038/s41467-018-07090-4},
    url={https://doi.org/10.1038/s41467-018-07090-4}
}

@Article{Boixo2018,
    author={Boixo, Sergio and Isakov, Sergei V. and Smelyanskiy, Vadim N. and Babbush, Ryan and Ding, Nan and Jiang, Zhang and Bremner, Michael J. and Martinis, John M. and Neven, Hartmut},
    title={Characterizing quantum supremacy in near-term devices},
    journal={Nat. Phys.},
    year={2018},
    volume={14},
    number={6},
    pages={595-600},
    issn={1745-2481},
    doi={10.1038/s41567-018-0124-x},
    url={https://doi.org/10.1038/s41567-018-0124-x}
}

@article{Lucile2017,
    author={Lucile Savary and Leon Balents},
    title={Quantum spin liquids: a review},
    journal={Rep. Prog. Phys.},
    volume={80},
    number={1},
    pages={016502},
    url={http://stacks.iop.org/0034-4885/80/i=1/a=016502},
    year={2017},
}

@article{Troyer2005,
    title = {Computational Complexity and Fundamental Limitations to Fermionic Quantum Monte Carlo Simulations},
    author = {Troyer, Matthias and Wiese, Uwe-Jens},
    journal = {Phys. Rev. Lett.},
    volume = {94},
    issue = {17},
    pages = {170201},
    numpages = {4},
    year = {2005},
    month = {May},
    publisher = {American Physical Society},
    doi = {10.1103/PhysRevLett.94.170201},
    url = {https://link.aps.org/doi/10.1103/PhysRevLett.94.170201}
}

@article{Wecker2015b,
    title = {Solving strongly correlated electron models on a quantum computer},
    author = {Wecker, Dave and Hastings, Matthew B. and Wiebe, Nathan and Clark, Bryan K. and Nayak, Chetan and Troyer, Matthias},
    journal = {Phys. Rev. A},
    volume = {92},
    issue = {6},
    pages = {062318},
    numpages = {24},
    year = {2015},
    month = {Dec},
    publisher = {American Physical Society},
    doi = {10.1103/PhysRevA.92.062318},
    url = {https://link.aps.org/doi/10.1103/PhysRevA.92.062318}
}

@article{Kim2017,
    title={Robust entanglement renormalization on a noisy quantum computer},
    author={Kim, Isaac H and Swingle, Brian},
    eprint={arXiv:1711.07500},
    url={https://arxiv.org/abs/1711.07500}
}

@article{McArdle2018,
    title={Quantum computational chemistry},
    author={McArdle, Sam and Endo, Suguru and Aspuru-Guzik, Alan and Benjamin, Simon and Yuan, Xiao},
    eprint={arXiv:1808.10402},
    url={https://arxiv.org/abs/1808.10402}
}

@article{Jiang2018,
    title = {Quantum Algorithms to Simulate Many-Body Physics of Correlated Fermions},
    author = {Jiang, Zhang and Sung, Kevin J. and Kechedzhi, Kostyantyn and Smelyanskiy, Vadim N. and Boixo, Sergio},
    journal = {Phys. Rev. Applied},
    volume = {9},
    issue = {4},
    pages = {044036},
    numpages = {23},
    year = {2018},
    month = {Apr},
    publisher = {American Physical Society},
    doi = {10.1103/PhysRevApplied.9.044036},
    url = {https://link.aps.org/doi/10.1103/PhysRevApplied.9.044036}
}

@article{Barkoutsos2018,
    title = {Quantum algorithms for electronic structure calculations: Particle-hole Hamiltonian and optimized wave-function expansions},
    author = {Barkoutsos, Panagiotis Kl. and Gonthier, Jerome F. and Sokolov, Igor and Moll, Nikolaj and Salis, Gian and Fuhrer, Andreas and Ganzhorn, Marc and Egger, Daniel J. and Troyer, Matthias and Mezzacapo, Antonio and Filipp, Stefan and Tavernelli, Ivano},
    journal = {Phys. Rev. A},
    volume = {98},
    issue = {2},
    pages = {022322},
    numpages = {13},
    year = {2018},
    month = {Aug},
    publisher = {American Physical Society},
    doi = {10.1103/PhysRevA.98.022322},
    url = {https://link.aps.org/doi/10.1103/PhysRevA.98.022322}
}

@article{Jarrod2016,
    author={Jarrod R McClean and Jonathan Romero and Ryan Babbush and Alán Aspuru-Guzik},
    title={The theory of variational hybrid quantum-classical algorithms},
    journal={New J. Phys.},
    volume={18},
    number={2},
    pages={023023},
    url={http://stacks.iop.org/1367-2630/18/i=2/a=023023},
    year={2016},
}
	
@article{Hempel2018,
    title = {Quantum Chemistry Calculations on a Trapped-Ion Quantum Simulator},
    author = {Hempel, Cornelius and Maier, Christine and Romero, Jonathan and McClean, Jarrod and Monz, Thomas and Shen, Heng and Jurcevic, Petar and Lanyon, Ben P. and Love, Peter and Babbush, Ryan and Aspuru-Guzik, Al\'an and Blatt, Rainer and Roos, Christian F.},
    journal = {Phys. Rev. X},
    volume = {8},
    issue = {3},
    pages = {031022},
    numpages = {22},
    year = {2018},
    month = {Jul},
    publisher = {American Physical Society},
    doi = {10.1103/PhysRevX.8.031022},
    url = {https://link.aps.org/doi/10.1103/PhysRevX.8.031022}
}

@article{Shen2017,
    title = {Quantum implementation of the unitary coupled cluster for simulating molecular electronic structure},
    author = {Shen, Yangchao and Zhang, Xiang and Zhang, Shuaining and Zhang, Jing-Ning and Yung, Man-Hong and Kim, Kihwan},
    journal = {Phys. Rev. A},
    volume = {95},
    issue = {2},
    pages = {020501},
    numpages = {5},
    year = {2017},
    month = {Feb},
    publisher = {American Physical Society},
    doi = {10.1103/PhysRevA.95.020501},
    url = {https://link.aps.org/doi/10.1103/PhysRevA.95.020501}
}


@article{Colless2018,
    title = {Computation of Molecular Spectra on a Quantum Processor with an Error-Resilient Algorithm},
    author = {Colless, J. I. and Ramasesh, V. V. and Dahlen, D. and Blok, M. S. and Kimchi-Schwartz, M. E. and McClean, J. R. and Carter, J. and de Jong, W. A. and Siddiqi, I.},
    journal = {Phys. Rev. X},
    volume = {8},
    issue = {1},
    pages = {011021},
    numpages = {7},
    year = {2018},
    month = {Feb},
    publisher = {American Physical Society},
    doi = {10.1103/PhysRevX.8.011021},
    url = {https://link.aps.org/doi/10.1103/PhysRevX.8.011021}
}

@article{Guerreschi2017,
    title={Practical optimization for hybrid quantum-classical algorithms},
    author={Guerreschi, Gian Giacomo and Smelyanskiy, Mikhail},
    eprint={arXiv:1701.01450},
    url={https://arxiv.org/abs/1701.01450},
}
@article{Farhi2018,
    title={Classification with quantum neural networks on near term processors},
    author={Farhi, Edward and Neven, Hartmut},
    eprint={arXiv:1802.06002},
    url={https://arxiv.org/abs/1802.06002},
}
@article{Romero2018,
    title={Strategies for quantum computing molecular energies using the unitary coupled cluster ansatz},
    author={Romero, Jonathan and Babbush, Ryan and McClean, Jarrod R and Hempel, Cornelius and Love, Peter J and Aspuru-Guzik, Al{\'a}n},
    journal={Quantum Sci. Technol.},
    volume={4},
    number={1},
    pages={014008},
    year={2018},
    publisher={IOP Publishing}
}

@article{Harrow2019,
    title={Low-depth gradient measurements can improve convergence in variational hybrid quantum-classical algorithms},
    author={Aram Harrow and John Napp},
    eprint={arXiv:1901.05374},
    url={https://arxiv.org/abs/1901.05374},
}

@article{Dallaire2018,
    title={Low-depth circuit ansatz for preparing correlated fermionic states on a quantum computer},
    author={Dallaire-Demers, Pierre-Luc and Romero, Jonathan and Veis, Libor and Sim, Sukin and Aspuru-Guzik, Al{\'a}n},
    eprint={arXiv:1801.01053},
    url={https://arxiv.org/abs/1801.01053}
}

@article{Zhou2017,
    title = {Quantum spin liquid states},
    author = {Zhou, Yi and Kanoda, Kazushi and Ng, Tai-Kai},
    journal = {Rev. Mod. Phys.},
    volume = {89},
    issue = {2},
    pages = {025003},
    numpages = {50},
    year = {2017},
    month = {Apr},
    publisher = {American Physical Society},
    doi = {10.1103/RevModPhys.89.025003},
    url = {https://link.aps.org/doi/10.1103/RevModPhys.89.025003}
}

@article{Gross2009,
    title = {Most Quantum States Are Too Entangled To Be Useful As Computational Resources},
    author = {Gross, D. and Flammia, S. T. and Eisert, J.},
    journal = {Phys. Rev. Lett.},
    volume = {102},
    issue = {19},
    pages = {190501},
    numpages = {4},
    year = {2009},
    month = {May},
    publisher = {American Physical Society},
    doi = {10.1103/PhysRevLett.102.190501},
    url = {https://link.aps.org/doi/10.1103/PhysRevLett.102.190501}
}

@article{Bremner2009,
    title = {Are Random Pure States Useful for Quantum Computation?},
    author = {Bremner, Michael J. and Mora, Caterina and Winter, Andreas},
    journal = {Phys. Rev. Lett.},
    volume = {102},
    issue = {19},
    pages = {190502},
    numpages = {4},
    year = {2009},
    month = {May},
    publisher = {American Physical Society},
    doi = {10.1103/PhysRevLett.102.190502},
    url = {https://link.aps.org/doi/10.1103/PhysRevLett.102.190502}
}

@article{Roman2018,
    title={Tensor networks for complex quantum systems},
    author={Roman Orus},
    eprint={arXiv:1812.04011},
    url={https://arxiv.org/abs/1812.04011}
}


@article{Tucker2017b,
    archivePrefix = {arXiv},
    arxivId = {1703.07370},
    author = {Tucker, George and Mnih, Andriy and Maddison, Chris J. and Lawson, Dieterich and Sohl-Dickstein, Jascha},
    eprint = {1703.07370},
    file = {:Users/leiwang/Work/Others/Papers/1703.07370.pdf:pdf},
    issn = {10495258},
    number = {Nips},
    title = {{REBAR: Low-variance, unbiased gradient estimates for discrete latent variable models}},
    url = {http://arxiv.org/abs/1703.07370},
    year = {2017}
}

@article{Mitarai2019,
    title={Methodology for replacing indirect measurements with direct measurements
},
    author={Kosuke Mitarai and Keisuke Fujii},
    eprint={arXiv:1901.00015},
    url={https://arxiv.org/abs/1901.00015}
}

@article{Murg2012,
    title = {Algebraic Bethe ansatz and tensor networks},
    author = {Murg, V. and Korepin, V. E. and Verstraete, F.},
    journal = {Phys. Rev. B},
    volume = {86},
    issue = {4},
    pages = {045125},
    numpages = {17},
    year = {2012},
    month = {Jul},
    publisher = {American Physical Society},
    doi = {10.1103/PhysRevB.86.045125},
    url = {https://link.aps.org/doi/10.1103/PhysRevB.86.045125}
}

@book{Wang2015,
    title={Off-diagonal Bethe ansatz for exactly solvable models},
    author={Wang, Yupeng and Yang, Wen-Li and Cao, Junpeng and Shi, Kangjie},
    publisher={Springer},
    url={https://www.springer.com/us/book/9783662467558}
}

@book{Chow2010,
    title={Quantum information processing with superconducting qubits},
    author={Chow, Jerry Moy},
    year={2010},
    publisher={Yale University},
    url={https://search.proquest.com/docview/620982890}
}

@phdthesis{d2014quantum,
    title={Quantum Computation and Many Body Physics},
    author={D'Souza, Adam},
    year={2014},
    school={University of Calgary}
}

@article{dur2000three,
    title = {Three qubits can be entangled in two inequivalent ways},
    author = {D\"ur, W. and Vidal, G. and Cirac, J. I.},
    journal = {Phys. Rev. A},
    volume = {62},
    issue = {6},
    pages = {062314},
    numpages = {12},
    year = {2000},
    month = {Nov},
    publisher = {American Physical Society},
    doi = {10.1103/PhysRevA.62.062314},
    url = {https://link.aps.org/doi/10.1103/PhysRevA.62.062314}
}

@article{Peng2019,
    title={Simulating large quantum circuits on a small quantum computer},
    author={Tianyi Peng, Aram Harrow, Maris Ozols and Xiaodi Wu},
    eprint={arXiv:1904.00102},
    url={https://arxiv.org/abs/1904.00102}
}

@book{Diep2013,
  title={Frustrated spin systems},
  author={Diep, HT and others},
  year={2013},
  publisher={World Scientific}
}


@article{Farhi2017,
    title={Quantum Algorithms for Fixed Qubit Architectures},
    author={Farhi, Edward and Goldstone, Jeffrey and Gutmann, Sam and Neven, Hartmut},
    eprint={arXiv:1703.06199},
    url = {http://arxiv.org/abs/1703.06199},
}

@article{Kingma2016,
    author = {Kingma, Diederik P and Salimans, Tim and Chen, Xi and Sutskever, Ilya},
    eprint = {arXiv:1606.04934v2},
    number = {Nips},
    title = {{Improved Variational Inference with Inverse Autoregressive Flow}},
}

@article{Boixo2016,
    author = {Boixo, Sergio and Isakov, Sergei V. and Smelyanskiy, Vadim N. and Babbush, Ryan and Ding, Nan and Jiang, Zhang and Bremner, Michael J. and Martinis, John M. and Neven, Hartmut},
    eprint = {arXiv:1608.00263},
    title = {{Characterizing Quantum Supremacy in Near-Term Devices}},
    url = {http://arxiv.org/abs/1608.00263},
}

@article{Farhi2014,
    arxivId={1411.4028},
    title={A Quantum Approximate Optimization Algorithm},
    author={Farhi, Edward and Goldstone, Jeffrey and Gutmann, Sam},
    eprint={arXiv:1411.4028},
    url={http://arxiv.org/abs/1411.4028},
}

@article{Mohamed2016,
    arxivId = {1610.03483},
    author = {Mohamed, Shakir and Lakshminarayanan, Balaji},
    eprint = {arXiv:1610.03483},
    title = {{Learning in Implicit Generative Models}},
    url = {http://arxiv.org/abs/1610.03483},
}

@article{Li2017e,
    arxivId = {1705.08584},
    author = {Li, Chun-Liang and Chang, Wei-Cheng and Cheng, Yu and Yang, Yiming and P{\'{o}}czos, Barnab{\'{a}}s},
    eprint = {arXiv:1705.08584},
    number = {Theorem 1},
    title = {{MMD GAN: Towards Deeper Understanding of Moment Matching Network}},
    url = {http://arxiv.org/abs/1705.08584},
}

@inproceedings{Papamakarios2017,
  title={Masked autoregressive flow for density estimation},
  author={Papamakarios, George and Murray, Iain and Pavlakou, Theo},
  booktitle={Advances in Neural Information Processing Systems},
  pages={2335--2344},
  year={2017},
  url={http://papers.nips.cc/paper/6828-masked-autoregressive-flow-for-density-estimation}
}

@article{Goodfellow2016c,
    title={NIPS 2016 tutorial: Generative adversarial networks},
    author={Goodfellow, Ian},
    eprint={arXiv:1701.00160},
}

@book{Murphy2012,
    title={Machine learning: a probabilistic perspective},
    author={Murphy, Kevin P},
    year={2012},
    publisher={MIT press},
    url={https://mitpress.mit.edu/books/machine-learning-0}
}

@article{Steiger2016,
    title={ProjectQ: An Open Source Software Framework for Quantum Computing},
    author={Steiger, Damian S and H{\"a}ner, Thomas and Troyer, Matthias},
    eprint={arXiv:1612.08091},
    url={https://arxiv.org/abs/1612.08091}
}

@article{Haner2018,
    title={A software methodology for compiling quantum programs},
    author={H{\"a}ner, Thomas and Steiger, Damian S and Svore, Krysta and Troyer, Matthias},
    journal={Quantum Science and Technology},
    year={2018},
    publisher={IOP Publishing},
    url={https://arxiv.org/abs/1604.01401}
}

@article{Gambetta2012,
    title = {Characterization of Addressability by Simultaneous Randomized Benchmarking},
    author = {Gambetta, Jay M. and C\'orcoles, A. D. and Merkel, S. T. and Johnson, B. R. and Smolin, John A. and Chow, Jerry M. and Ryan, Colm A. and Rigetti, Chad and Poletto, S. and Ohki, Thomas A. and Ketchen, Mark B. and Steffen, M.},
    journal = {Phys. Rev. Lett.},
    volume = {109},
    issue = {24},
    pages = {240504},
    numpages = {5},
    year = {2012},
    month = {Dec},
    publisher = {American Physical Society},
    url = {https://link.aps.org/doi/10.1103/PhysRevLett.109.240504}
}

@inbook{Hansen2006,
    address = {Berlin, Heidelberg},
    author = {Hansen, Nikolaus},
    booktitle = {Towards a New Evolutionary Computation: Advances in the Estimation of Distribution Algorithms},
    editor = {Lozano, Jose A and Larra{\~{n}}aga, Pedro and Inza, I{\~{n}}aki and Bengoetxea, Endika},
    isbn = {978-3-540-32494-2},
    pages = {75--102},
    publisher = {Springer Berlin Heidelberg},
    title = {{The CMA Evolution Strategy: A Comparing Review}},
    url = {https://doi.org/10.1007/3-540-32494-1{\_}4},
    year = {2006}
}

@article{Spall1998, 
    author={J. C. Spall}, 
    journal={IEEE Transactions on Aerospace and Electronic Systems}, 
    title={Implementation of the simultaneous perturbation algorithm for stochastic optimization}, 
    year={1998}, 
    volume={34}, 
    number={3}, 
    pages={817-823}, 
    doi={10.1109/7.705889}, 
    ISSN={0018-9251}, 
    month={Jul},
}

@article{Powell1998,
    title={Direct search algorithms for optimization calculations},
    volume={7},
    DOI={10.1017/S0962492900002841},
    journal={Acta Numerica},
    publisher={Cambridge University Press},
    author={Powell, M. J. D.},
    year={1998},
    pages={287-336}
}
@inproceedings{Goodfellow2014,
    title={Generative adversarial nets},
    author={Goodfellow, Ian and Pouget-Abadie, Jean and Mirza, Mehdi and Xu, Bing and Warde-Farley, David and Ozair, Sherjil and Courville, Aaron and Bengio, Yoshua},
    booktitle={Advances in Neural Information Processing Systems},
    pages={2672--2680},
    year={2014},
    url={http://papers.nips.cc/paper/5423-generative-adversarial-nets}
}

@article{Kingma2013,
    title={Auto-encoding variational bayes},
    author={Kingma, Diederik P and Welling, Max},
    eprint={arXiv:1312.6114},
    url={https://arxiv.org/abs/1312.6114}
}

@article{Dinh2016,
    title={Density estimation using Real NVP},
    author={Dinh, Laurent and Sohl-Dickstein, Jascha and Bengio, Samy},
    eprint={arXiv:1605.08803},
    url={https://arxiv.org/abs/1605.08803}
}

@article{Oord2016,
    title={Pixel recurrent neural networks},
    author={Oord, Aaron van den and Kalchbrenner, Nal and Kavukcuoglu, Koray},
    eprint={arXiv:1601.06759},
    url={https://arxiv.org/abs/1601.06759}
}
@article{Gao2017,
    title={An efficient quantum algorithm for generative machine learning},
    author={Gao, Xun and Zhang, Zhengyu and Duan, Luming},
    eprint={arXiv:1711.02038},
    url={https://arxiv.org/abs/1711.02038}
}

@article{Gomez2016,
    title={Automatic chemical design using a data-driven continuous representation of molecules},
    author={G{\'o}mez-Bombarelli, Rafael and Wei, Jennifer N and Duvenaud, David and Hern{\'a}ndez-Lobato, Jos{\'e} Miguel and S{\'a}nchez-Lengeling, Benjam{\'\i}n and Sheberla, Dennis and Aguilera-Iparraguirre, Jorge and Hirzel, Timothy D and Adams, Ryan P and Aspuru-Guzik, Al{\'a}n},
    journal={ACS Central Science},
    year={2016},
    publisher={ACS Publications},
    url={http://pubs.acs.org/doi/abs/10.1021/acscentsci.7b00572}
}

@article{Chow1968, 
    author={C. Chow and C. Liu}, 
    journal={IEEE Transactions on Information Theory}, 
    title={Approximating discrete probability distributions with dependence trees}, 
    year={1968}, 
    volume={14}, 
    number={3}, 
    pages={462-467}, 
    keywords={Approximation methods;Probability functions;Trees}, 
    doi={10.1109/TIT.1968.1054142}, 
    ISSN={0018-9448}, 
    month={May},
}
@article{Low2014,
    title = {Quantum inference on Bayesian networks},
    author = {Low, Guang Hao and Yoder, Theodore J. and Chuang, Isaac L.},
    journal = {Phys. Rev. A},
    volume = {89},
    issue = {6},
    pages = {062315},
    numpages = {7},
    year = {2014},
    month = {Jun},
    publisher = {American Physical Society},
    url = {https://link.aps.org/doi/10.1103/PhysRevA.89.062315}
}
@article{Kullback1951,
    title={On information and sufficiency},
    author={Kullback, Solomon and Leibler, Richard A},
    journal={The annals of mathematical statistics},
    volume={22},
    number={1},
    pages={79--86},
    year={1951},
    publisher={JSTOR},
    url={http://www.jstor.org/stable/2236703}
}

@article{Born1926,
    author="Born, Max",
    title="Quantenmechanik der Sto{\ss}vorg{\"a}nge",
    journal="Zeitschrift f{\"u}r Physik",
    year="1926",
    month="Nov",
    day="01",
    volume="38",
    number="11",
    pages="803--827",
    issn="0044-3328",
    doi="10.1007/BF01397184",
    url="https://doi.org/10.1007/BF01397184"
}

@article{Hinton2006,
    title={Reducing the dimensionality of data with neural networks},
    author={Hinton, Geoffrey E and Salakhutdinov, Ruslan R},
    journal={Science},
    volume={313},
    number={5786},
    pages={504--507},
    year={2006},
    publisher={American Association for the Advancement of Science},
    url={http://science.sciencemag.org/content/313/5786/504.short}
}

@article{Nasrabadi2007,
    title={Pattern recognition and machine learning},
    author={Nasrabadi, Nasser M},
    journal={Journal of electronic imaging},
    volume={16},
    number={4},
    pages={049901},
    year={2007},
    publisher={International Society for Optics and Photonics},
    url={http://dx.doi.org/10.1117/1.2819119}
}

@article{Benedetti2018,
    title={A generative modeling approach for benchmarking and training shallow quantum circuits},
    author={Benedetti, Marcello and Garcia-Pintos, Delfina and Nam, Yunseong and Perdomo-Ortiz, Alejandro},
    eprint={arXiv:1801.07686},
    url={https://arxiv.org/abs/1801.07686}
}

@article{Li2017,
    title = {Hybrid Quantum-Classical Approach to Quantum Optimal Control},
    author = {Li, Jun and Yang, Xiaodong and Peng, Xinhua and Sun, Chang-Pu},
    journal = {Phys. Rev. Lett.},
    volume = {118},
    issue = {15},
    pages = {150503},
    numpages = {5},
    year = {2017},
    month = {Apr},
    publisher = {American Physical Society},
    url = {https://link.aps.org/doi/10.1103/PhysRevLett.118.150503}
}

@article{Lund2017,
  title={Quantum sampling problems, BosonSampling and quantum supremacy},
  author={Lund, AP and Bremner, Michael J and Ralph, TC},
  journal={npj Quantum Information},
  volume={3},
  number={1},
  pages={15},
  year={2017},
  publisher={Nature Publishing Group},
  url={https://doi.org/10.1038/s41534-017-0018-2}
}


@article{Kingma2014,
    title={Adam: A method for stochastic optimization},
    author={Kingma, Diederik P and Ba, Jimmy},
    eprint={arXiv:1412.6980},
    url={https://arxiv.org/abs/1412.6980}
}

@article{Byrd1995,
    title={A limited memory algorithm for bound constrained optimization},
    author={Byrd, Richard H and Lu, Peihuang and Nocedal, Jorge and Zhu, Ciyou},
    journal={SIAM Journal on Scientific Computing},
    volume={16},
    number={5},
    pages={1190--1208},
    year={1995},
    publisher={SIAM},
    url={https://doi.org/10.1137/0916069}
}

@article{Han2018,
    title = {Unsupervised Generative Modeling Using Matrix Product States},
    author = {Han, Zhao-Yu and Wang, Jun and Fan, Heng and Wang, Lei and Zhang, Pan},
    journal = {Phys. Rev. X},
    volume = {8},
    issue = {3},
    pages = {031012},
    numpages = {13},
    year = {2018},
    month = {Jul},
    publisher = {American Physical Society},
    doi = {10.1103/PhysRevX.8.031012},
    url = {https://link.aps.org/doi/10.1103/PhysRevX.8.031012}
}

@article{Khoshaman2018,
    author = {Khoshaman, Amir and Vinci, Walter and Denis, Brandon and Andriyash, Evgeny and Amin, Mohammad H},
    journal = {Quantum Science and Technology},
    number = {1},
    pages = {14001},
    title = {{Quantum variational autoencoder}},
    url = {http://stacks.iop.org/2058-9565/4/i=1/a=014001},
    volume = {4},
    year = {2019}
}

@article{Amin2016,
    title={Quantum boltzmann machine},
    author={Amin, Mohammad H and Andriyash, Evgeny and Rolfe, Jason and Kulchytskyy, Bohdan and Melko, Roger},
    eprint={arXiv:1601.02036},
    url={https://arxiv.org/abs/1601.02036}
}

@article{Wang2015,
    title = {Fidelity Susceptibility Made Simple: A Unified Quantum Monte Carlo Approach},
    author = {Wang, Lei and Liu, Ye-Hua and Imri\ifmmode \check{s}\else \v{s}\fi{}ka, Jakub and Ma, Ping Nang and Troyer, Matthias},
    journal = {Phys. Rev. X},
    volume = {5},
    issue = {3},
    pages = {031007},
    numpages = {14},
    year = {2015},
    month = {Jul},
    publisher = {American Physical Society},
    url = {https://link.aps.org/doi/10.1103/PhysRevX.5.031007}
}

@article{You2007,
    title = {Fidelity, dynamic structure factor, and susceptibility in critical phenomena},
    author = {You, Wen-Long and Li, Ying-Wai and Gu, Shi-Jian},
    journal = {Phys. Rev. E},
    volume = {76},
    issue = {2},
    pages = {022101},
    numpages = {4},
    year = {2007},
    month = {Aug},
    publisher = {American Physical Society},
    url = {https://link.aps.org/doi/10.1103/PhysRevE.76.022101}
}
@article{Dziugaite2015,
    title={Training generative neural networks via maximum mean discrepancy optimization},
    author={Dziugaite, Gintare Karolina and Roy, Daniel M and Ghahramani, Zoubin},
    eprint={arXiv:1505.03906},
    url={https://arxiv.org/abs/1505.03906}
}
@book{Goodfellow2016,
    title={Deep Learning},
    author={Ian Goodfellow and Yoshua Bengio and Aaron Courville},
    publisher={MIT Press},
    note={\url{http://www.deeplearningbook.org}},
    year={2016}
}

@article{Biamonte2017a,
    title={Quantum machine learning},
    author={Biamonte, Jacob and Wittek, Peter and Pancotti, Nicola and Rebentrost, Patrick and Wiebe, Nathan and Lloyd, Seth},
    journal={Nature},
    volume={549},
    number={7671},
    pages={195},
    year={2017},
    publisher={Nature Publishing Group},
    url={https://www.nature.com/articles/nature23474}
}
@article {Ciliberto2017,
	author = {Ciliberto, Carlo and Herbster, Mark and Ialongo, Alessandro Davide and Pontil, Massimiliano and Rocchetto, Andrea and Severini, Simone and Wossnig, Leonard},
	title = {Quantum machine learning: a classical perspective},
	volume = {474},
	number = {2209},
	year = {2018},
	publisher = {The Royal Society},
	abstract = {Recently, increased computational power and data availability, as well as algorithmic advances, have led machine learning (ML) techniques to impressive results in regression, classification, data generation and reinforcement learning tasks. Despite these successes, the proximity to the physical limits of chip fabrication alongside the increasing size of datasets is motivating a growing number of researchers to explore the possibility of harnessing the power of quantum computation to speed up classical ML algorithms. Here we review the literature in quantum ML and discuss perspectives for a mixed readership of classical ML and quantum computation experts. Particular emphasis will be placed on clarifying the limitations of quantum algorithms, how they compare with their best classical counterparts and why quantum resources are expected to provide advantages for learning problems. Learning in the presence of noise and certain computationally hard problems in ML are identified as promising directions for the field. Practical questions, such as how to upload classical data into quantum form, will also be addressed.},
	issn = {1364-5021},
	URL = {http://rspa.royalsocietypublishing.org/content/474/2209/20170551},
	eprint = {http://rspa.royalsocietypublishing.org/content/474/2209/20170551.full.pdf},
	journal = {Proceedings of the Royal Society of London A: Mathematical, Physical and Engineering Sciences}
}

@article{Perdomo2017,
    title={Opportunities and challenges for quantum-assisted machine learning in near-term quantum computers},
    author={Perdomo-Ortiz, Alejandro and Benedetti, Marcello and Realpe-G{\'o}mez, John and Biswas, Rupak},
    eprint={arXiv:1708.09757},
    url={https://arxiv.org/abs/1708.09757}
}

@article{Verdon2017,
    title={A quantum algorithm to train neural networks using low-depth circuits},
    author={Verdon, Guillaume and Broughton, Michael and Biamonte, Jacob},
    eprint={arXiv:1712.05304},
    url={https://arxiv.org/abs/1712.05304}
}

@article{Kieferova2017,
    title = {Tomography and generative training with quantum Boltzmann machines},
    author = {Kieferov\'a, M\'aria and Wiebe, Nathan},
    journal = {Phys. Rev. A},
    volume = {96},
    issue = {6},
    pages = {062327},
    numpages = {13},
    year = {2017},
    month = {Dec},
    publisher = {American Physical Society},
    url = {https://link.aps.org/doi/10.1103/PhysRevA.96.062327}
}

@article{Simonyan2014,
    author    = {Karen Simonyan and Andrew Zisserman},
    title     = {Very Deep Convolutional Networks for Large-Scale Image Recognition},
    url       = {http://arxiv.org/abs/1409.1556},
    eprint    = {arXiv:1409.1556},
}

@inproceedings{Gretton2007,
    title={A kernel method for the two-sample-problem},
    author={Gretton, Arthur and Borgwardt, Karsten M and Rasch, Malte and Sch{\"o}lkopf, Bernhard and Smola, Alex J},
    booktitle={Advances in Neural Information Processing Systems},
    pages={513--520},
    year={2007},
    url={http://papers.nips.cc/paper/3110-a-kernel-method-for-the-two-sample-problem.pdf}
}

@article{Gretton2012,
    title={A kernel two-sample test},
    author={Gretton, Arthur and Borgwardt, Karsten M and Rasch, Malte J and Sch{\"o}lkopf, Bernhard and Smola, Alexander},
    journal={Journal of Machine Learning Research},
    volume={13},
    number={Mar},
    pages={723--773},
    year={2012},
    url={http://www.jmlr.org/papers/v13/gretton12a.html}
}
@article{Otterbach2017,
    title={Unsupervised Machine Learning on a Hybrid Quantum Computer},
    author={Otterbach, JS and Manenti, R and Alidoust, N and Bestwick, A and Block, M and Bloom, B and Caldwell, S and Didier, N and Fried, E Schuyler and Hong, S and others},
    eprint={arXiv:1712.05771},
    url={https://arxiv.org/abs/1712.05771}
}


@misc{Karpathy2016,
    author = {Karpathy, Andrej and Abbeel, Pieter and Brockman, Greg and Chen, Peter and Cheung, Vicki and Duan, Rocky and GoodFellow, Ian and Kingma, Durk and Ho, Jonathan and Houthooft, Rein and Salimans, Tim and Schulman, John and Sutskever, Ilya and Zaremba, Wojciech},
    title = {{OpenAI Post on Generative Models}},
    url = {https://blog.openai.com/generative-models/},
    year = {2016}
}

@article{Ventura2000,
    title = "Quantum associative memory",
    journal = "Information Sciences",
    volume = "124",
    number = "1",
    pages = "273 - 296",
    year = "2000",
    issn = "0020-0255",
    url = "http://www.sciencedirect.com/science/article/pii/S0020025599001012",
    author = "Dan Ventura and Tony Martinez"
}
@article{Li2017c,
    title={Gradient Estimators for Implicit Models},
    author={Li, Yingzhen and Turner, Richard E},
    eprint={arXiv:1705.07107},
    url={https://arxiv.org/abs/1705.07107}
}

@article{Kieferova2016,
    title={Tomography and generative data modeling via quantum Boltzmann training},
    author={Kieferova, Maria and Wiebe, Nathan},
    eprint={arXiv:1612.05204},
}

@article{Li,
  title={Approximate Gradient Descent for Training Implicit Generative Models},
  author={Li, Yingzhen}
}

@article{Arjovsky2017,
    title={Wasserstein gan},
    author={Arjovsky, Martin and Chintala, Soumith and Bottou, L{\'e}on},
    eprint={arXiv:1701.07875},
    url={https://arxiv.org/abs/1701.07875}
}

@inproceedings{Gulrajani2017,
    title={Improved training of wasserstein gans},
    author={Gulrajani, Ishaan and Ahmed, Faruk and Arjovsky, Martin and Dumoulin, Vincent and Courville, Aaron C},
    booktitle={Advances in Neural Information Processing Systems},
    pages={5769--5779},
    year={2017},
    url={http://papers.nips.cc/paper/7159-improved-training-of-wasserstein-gans}
}

@article{Van2016,
    title={Wavenet: A generative model for raw audio},
    author={Van Den Oord, Aaron and Dieleman, Sander and Zen, Heiga and Simonyan, Karen and Vinyals, Oriol and Graves, Alex and Kalchbrenner, Nal and Senior, Andrew and Kavukcuoglu, Koray},
    eprint={arXiv:1609.03499},
    url={http://adsabs.harvard.edu/abs/2016arXiv160903499V}
}

@book{Mackay2003,
    title={Information theory, inference and learning algorithms},
    author={MacKay, David JC},
    year={2003},
    publisher={Cambridge university press}
}

@article{Aaronson2015,
    title={Read the fine print},
    author={Aaronson, Scott},
    journal={Nature Physics},
    volume={11},
    number={4},
    pages={291},
    year={2015},
    publisher={Nature Publishing Group},
    url={https://www.nature.com/articles/nphys3272}
}

@article{Lloyd2014,
    title={Quantum principal component analysis},
    author={Lloyd, Seth and Mohseni, Masoud and Rebentrost, Patrick},
    journal={Nature Physics},
    volume={10},
    number={9},
    pages={631},
    year={2014},
    publisher={Nature Publishing Group},
    url={https://www.nature.com/articles/nphys3029}
}

@article{Wiebe2012,
    title = {Quantum Algorithm for Data Fitting},
    author = {Wiebe, Nathan and Braun, Daniel and Lloyd, Seth},
    journal = {Phys. Rev. Lett.},
    volume = {109},
    issue = {5},
    pages = {050505},
    numpages = {5},
    year = {2012},
    month = {Aug},
    publisher = {American Physical Society},
    url = {https://link.aps.org/doi/10.1103/PhysRevLett.109.050505}
}

@book{Nielsen2010,
    title={Quantum computation and quantum information},
    author={Nielsen, Michael A and Chuang, Isaac L},
    year={2010},
    publisher={Cambridge university press}
}

@article{Giovannetti2008,
    title = {Quantum Random Access Memory},
    author = {Giovannetti, Vittorio and Lloyd, Seth and Maccone, Lorenzo},
    journal = {Phys. Rev. Lett.},
    volume = {100},
    issue = {16},
    pages = {160501},
    numpages = {4},
    year = {2008},
    month = {Apr},
    publisher = {American Physical Society},
    url = {https://link.aps.org/doi/10.1103/PhysRevLett.100.160501}
}

@article{Wiebe2014,
    title={Quantum deep learning},
    author={Wiebe, Nathan and Kapoor, Ashish and Svore, Krysta M},
    eprint={arXiv:1412.3489},
    url={https://arxiv.org/abs/1412.3489}
}

@article{Rumelhart1986,
    title={Learning representations by back-propagating errors},
    author={Rumelhart, David E and Hinton, Geoffrey E and Williams, Ronald J},
    journal={Nature},
    volume={323},
    number={6088},
    pages={533},
    year={1986},
    publisher={Nature Publishing Group},
    url={https://www.nature.com/articles/323533a0}
}

@article{Preskill2012,
    title={Quantum computing and the entanglement frontier},
    author={Preskill, John},
    journal={arXiv:1203.5813},
    year={2012},
    url={https://arxiv.org/abs/1203.5813}
}

@article{Stanley2002,
    title={Evolving neural networks through augmenting topologies},
    author={Stanley, Kenneth O and Miikkulainen, Risto},
    journal={Evolutionary computation},
    volume={10},
    number={2},
    pages={99--127},
    year={2002},
    publisher={MIT Press}
}

@inproceedings{Salakhutdinov2010,
    title={Efficient learning of deep Boltzmann machines},
    author={Salakhutdinov, Ruslan and Larochelle, Hugo},
    booktitle={Proceedings of the Thirteenth International Conference on Artificial Intelligence and Statistics},
    pages={693--700},
    year={2010},
    url={http://www.jmlr.org/proceedings/papers/v9/salakhutdinov10a/salakhutdinov10a.pdf}
}

@article{Zhu2017,
    title={Unpaired image-to-image translation using cycle-consistent adversarial networks},
    author={Zhu, Jun-Yan and Park, Taesung and Isola, Phillip and Efros, Alexei A},
    eprint={arXiv:1703.10593},
    publisher={ICCV}
}

@article{Hofmann2008,
    title={Kernel methods in machine learning},
    author={Hofmann, Thomas and Sch{\"o}lkopf, Bernhard and Smola, Alexander J},
    journal={The annals of statistics},
    pages={1171--1220},
    year={2008},
    publisher={JSTOR},
    url={http://www.jstor.org/stable/25464664}
}
@inproceedings{He2016,
    title={Deep residual learning for image recognition},
    author={He, Kaiming and Zhang, Xiangyu and Ren, Shaoqing and Sun, Jian},
    booktitle={Proceedings of the IEEE conference on computer vision and pattern recognition},
    pages={770--778},
    year={2016},
    url={http://openaccess.thecvf.com/content_cvpr_2016/papers/He_Deep_Residual_Learning_CVPR_2016_paper.pdf}
}


@inproceedings{Dumoulin2014,
    title={On the Challenges of Physical Implementations of RBMs.},
    author={Dumoulin, Vincent and Goodfellow, Ian J and Courville, Aaron C and Bengio, Yoshua},
    booktitle={AAAI},
    volume={2014},
    pages={1199--1205},
    year={2014},
    url={http://www.aaai.org/ocs/index.php/AAAI/AAAI14/paper/viewFile/8608/8559}
}

@article{Rios2013,
    author = {Rios, Luis Miguel and Sahinidis, Nikolaos V},
    issn = {1573-2916},
    journal = {Journal of Global Optimization},
    number = {3},
    pages = {1247--1293},
    title = {{Derivative-free optimization: a review of algorithms and comparison of software implementations}},
    url = {https://doi.org/10.1007/s10898-012-9951-y},
    volume = {56},
    year = {2013}
}

@book{Koller2009,
    title={Probabilistic graphical models: principles and techniques},
    author={Koller, Daphne and Friedman, Nir},
    publisher={MIT Press},
    year={2009}
}

@article{Li2015,
    title={Generative Moment Matching Networks},
    author={Li, Yujia and Swersky, Kevin and Zemel, Richard},
    eprint={arXiv:1502.02761},
    url={http://arxiv.org/abs/1502.02761}
}

@article{Ackley1985,
    title={A learning algorithm for Boltzmann machines},
    author={Ackley, David H and Hinton, Geoffrey E and Sejnowski, Terrence J},
    journal={Cognitive Science},
    volume={9},
    number={1},
    pages={147--169},
    year={1985},
    publisher={Wiley Online Library},
    url={https://onlinelibrary.wiley.com/doi/abs/10.1207/s15516709cog0901_7}
}

@misc{Google2018,
    author = {Julian Kelly},
    title = {A Preview of Bristlecone, Google's New Quantum Processor},
    url = {https://research.googleblog.com/2018/03/a-preview-of-bristlecone-googles-new.html},
    year = {2018}
}

@misc{IBM2017,
    author = {Will Knight},
    title = {IBM Raises the Bar with a 50-Qubit Quantum Compute},
    url = {https://www.technologyreview.com/s/609451/ibm-raises-the-bar-with-a-50-qubit-quantum-computer/},
    year = {2017}
}


@article{Huggins2018,
    author = {Huggins, William and Patel, Piyush and Whaley, K. Birgitta and Stoudenmire, E. Miles},
    eprint = {arXiv:1803.11537},
    title = {{Towards Quantum Machine Learning with Tensor Networks}},
    url = {http://arxiv.org/abs/1803.11537},
}

@article{Anderson1994,
    title = "Two-Sample Test Statistics for Measuring Discrepancies Between Two Multivariate Probability Density Functions Using Kernel-Based Density Estimates",
    journal = "Journal of Multivariate Analysis",
    volume = "50",
    number = "1",
    pages = "41 - 54",
    year = "1994",
    issn = "0047-259X",
    url = "http://www.sciencedirect.com/science/article/pii/S0047259X84710335",
    author = "N.H. Anderson and P. Hall and D.M. Titterington"
}

@article{Zulehner2017,
    title={Efficient Mapping of Quantum Circuits to the IBM QX Architectures},
    author={Zulehner, Alwin and Paler, Alexandru and Wille, Robert},
    eprint={arXiv:1712.04722},
    url={https://arxiv.org/abs/1712.04722}
}

@article{Rezende2014,
    title={Stochastic backpropagation and approximate inference in deep generative models},
    author={Rezende, Danilo Jimenez and Mohamed, Shakir and Wierstra, Daan},
    eprint={arXiv:1401.4082},
    url={https://arxiv.org/abs/1401.4082}
}

@misc{github,
    note={\href{https://github.com/GiggleLiu/QuantumCircuitBornMachine}{https://github.com/GiggleLiu/QuantumCircuitBornMachine}}
}

@misc{Luo2018,
    note={\href{https://quantumbfs.github.io/Yao.jl/latest/tutorial/QCBM/}{https://quantumbfs.github.io/Yao.jl/latest/tutorial/QCBM/}}
}

@book{MinskyPerceptrons,
  title={Perceptrons: An introduction to computational geometry},
  author={Minsky, Marvin and Papert, Seymour A},
  publisher={MIT press},
  year={1969}
}

@inproceedings{Choromanska2015,
    title={The loss surfaces of multilayer networks},
    author={Choromanska, Anna and Henaff, Mikael and Mathieu, Michael and Arous, G{\'e}rard Ben and LeCun, Yann},
    booktitle={Artificial Intelligence and Statistics},
    pages={192--204},
    year={2015},
    url={http://www.jmlr.org/proceedings/papers/v38/choromanska15.pdf}
}

@inproceedings{Aaronson2011,
    title={The computational complexity of linear optics},
    author={Aaronson, Scott and Arkhipov, Alex},
    booktitle={Proceedings of the forty-third annual ACM symposium on Theory of computing},
    pages={333--342},
    year={2011},
    organization={ACM},
    url={https://dl.acm.org/citation.cfm?id=1993682}
}

@article{Fortnow1999,
    title={Complexity limitations on quantum computation},
    author={Fortnow, Lance and Rogers, John},
    journal={Journal of Computer and System Sciences},
    volume={59},
    number={2},
    pages={240--252},
    year={1999},
    publisher={Elsevier},
    url={https://www.sciencedirect.com/science/article/pii/S0022000099916513}
}

@article{Benedetti2017,
    title = {Quantum-Assisted Learning of Hardware-Embedded Probabilistic Graphical Models},
    author = {Benedetti, Marcello and Realpe-G\'omez, John and Biswas, Rupak and Perdomo-Ortiz, Alejandro},
    journal = {Phys. Rev. X},
    volume = {7},
    issue = {4},
    pages = {041052},
    numpages = {17},
    year = {2017},
    month = {Nov},
    publisher = {American Physical Society},
    doi = {10.1103/PhysRevX.7.041052},
    url = {https://link.aps.org/doi/10.1103/PhysRevX.7.041052}
}

@article{Kandala2017,
    title={Hardware-efficient variational quantum eigensolver for small molecules and quantum magnets},
    author={Kandala, Abhinav and Mezzacapo, Antonio and Temme, Kristan and Takita, Maika and Brink, Markus and Chow, Jerry M and Gambetta, Jay M},
    journal={Nature},
    volume={549},
    number={7671},
    pages={242},
    year={2017},
    publisher={Nature Publishing Group},
    url={https://www.nature.com/articles/nature23879}
}

@article{Rezende2015,
    title={Variational inference with normalizing flows},
    author={Rezende, Danilo Jimenez and Mohamed, Shakir},
    eprint={arXiv:1505.05770},
    url={https://arxiv.org/abs/1505.05770}
}

@article{Mises1947,
    author = "v. Mises, R.",
    doi = "10.1214/aoms/1177730385",
    fjournal = "The Annals of Mathematical Statistics",
    journal = "Ann. Math. Statist.",
    month = "09",
    number = "3",
    pages = "309--348",
    publisher = "The Institute of Mathematical Statistics",
    title = "On the Asymptotic Distribution of Differentiable Statistical Functions",
    url = "https://doi.org/10.1214/aoms/1177730385",
    volume = "18",
    year = "1947"
}

@article{Lawrence1997,
    title={Face recognition: A convolutional neural-network approach},
    author={Lawrence, Steve and Giles, C Lee and Tsoi, Ah Chung and Back, Andrew D},
    journal={IEEE transactions on neural networks},
    volume={8},
    number={1},
    pages={98--113},
    year={1997},
    publisher={IEEE}
}

@article{Jing2016,
    title={Tunable Efficient Unitary Neural Networks (EUNN) and their application to RNNs},
    author={Jing, Li and Shen, Yichen and Dubcek, Tena and Peurifoy, John and Skirlo, Scott and LeCun, Yann and Tegmark, Max and Soljacic, Marin},
    eprint={arXiv:1612.05231},
    url={https://arxiv.org/abs/1612.05231}
}

@article{Bouland2018,
    title={Quantum Supremacy and the Complexity of Random Circuit Sampling},
    author={Bouland, Adam and Fefferman, Bill and Nirkhe, Chinmay and Vazirani, Umesh},
    eprint={arXiv:1803.04402},
    url={https://arxiv.org/abs/1803.04402}
}

@article{mogensen2018optim,
    author  = {Mogensen, Patrick Kofod and Riseth, Asbj{\o}rn Nilsen},
    title   = {Optim: A mathematical optimization package for {Julia}},
    journal = {Journal of Open Source Software},
    year    = {2018},
    volume  = {3},
    number  = {24},
    pages   = {615},
    doi     = {10.21105/joss.00615}
}

@incollection{Hoeffding1992,
    title={A class of statistics with asymptotically normal distribution},
    author={Hoeffding, Wassily},
    booktitle={Breakthroughs in Statistics},
    pages={308--334},
    year={1992},
    publisher={Springer},
    url={https://link.springer.com/chapter/10.1007/978-1-4612-0919-5_20}
}

@article{Nakanishi2019,
    title={Sequential minimal optimization for quantum-classical hybrid algorithms},
    author={Nakanishi, Ken M and Fujii, Keisuke and Todo, Synge},
    eprint={arXiv:1903.12166},
    url={https://arxiv.org/abs/1903.12166}
}


@article{Ekert2002,
    title = {Direct Estimations of Linear and Nonlinear Functionals of a Quantum State},
    author = {Ekert, Artur K. and Alves, Carolina Moura and Oi, Daniel K. L. and Horodecki, Micha\l{} and Horodecki, Pawe\l{} and Kwek, L. C.},
    journal = {Phys. Rev. Lett.},
    volume = {88},
    issue = {21},
    pages = {217901},
    numpages = {4},
    year = {2002},
    month = {May},
    publisher = {American Physical Society},
    doi = {10.1103/PhysRevLett.88.217901},
    url = {https://link.aps.org/doi/10.1103/PhysRevLett.88.217901}
}

@article{Boixo2017,
    title={Simulation of low-depth quantum circuits as complex undirected graphical models},
    author={Boixo, Sergio and Isakov, Sergei V and Smelyanskiy, Vadim N and Neven, Hartmut},
    eprint={arXiv:1712.05384},
    url={https://arxiv.org/abs/1712.05384}
}

@article{Markov2008,
    title={Simulating quantum computation by contracting tensor networks},
    author={Markov, Igor L and Shi, Yaoyun},
    journal={SIAM Journal on Computing},
    volume={38},
    number={3},
    pages={963--981},
    year={2008},
    publisher={SIAM},
    url={https://epubs.siam.org/doi/abs/10.1137/050644756}
}

@article{Biamonte2017b,
    title={Tensor networks in a nutshell},
    author={Biamonte, Jacob and Bergholm, Ville},
    eprint={arXiv:1708.00006},
    url={https://arxiv.org/abs/1708.00006}
}

@article{Cincio2018,
    title={Learning the quantum algorithm for state overlap},
    author={Cincio, Lukasz and Suba{\c{s}}{\i}, Yi{\u{g}}it and Sornborger, Andrew T and Coles, Patrick J},
    journal={New Journal of Physics},
    volume={20},
    number={11},
    pages={113022},
    year={2018},
    publisher={IOP Publishing},
    url={https://iopscience.iop.org/article/10.1088/1367-2630/aae94a/meta}
}

@article{Buhrman2001,
    title = {Quantum Fingerprinting},
    author = {Buhrman, Harry and Cleve, Richard and Watrous, John and de Wolf, Ronald},
    journal = {Phys. Rev. Lett.},
    volume = {87},
    issue = {16},
    pages = {167902},
    numpages = {4},
    year = {2001},
    month = {Sep},
    publisher = {American Physical Society},
    doi = {10.1103/PhysRevLett.87.167902},
    url = {https://link.aps.org/doi/10.1103/PhysRevLett.87.167902}
}

@article{Schuld2019,
    title = {Quantum Machine Learning in Feature Hilbert Spaces},
    author = {Schuld, Maria and Killoran, Nathan},
    journal = {Phys. Rev. Lett.},
    volume = {122},
    issue = {4},
    pages = {040504},
    numpages = {6},
    year = {2019},
    month = {Feb},
    publisher = {American Physical Society},
    doi = {10.1103/PhysRevLett.122.040504},
    url = {https://link.aps.org/doi/10.1103/PhysRevLett.122.040504}
}

@article{Ruder2016,
    title={An overview of gradient descent optimization algorithms},
    author={Ruder, Sebastian},
    eprint={arXiv:1609.04747},
    url={https://arxiv.org/abs/1609.04747}
}

@article{Benedetti2019,
	doi = {10.1088/1367-2630/ab14b5},
	url = {https://doi.org/10.1088%2F1367-2630%2Fab14b5},
	year = 2019,
	month = {apr},
	publisher = {{IOP} Publishing},
	volume = {21},
	number = {4},
	pages = {043023},
	author = {Marcello Benedetti and Edward Grant and Leonard Wossnig and Simone Severini},
	title = {Adversarial quantum circuit learning for pure state approximation},
	journal = {New Journal of Physics},
}


@article{Chen2018,
    title={Classical simulation of intermediate-size quantum circuits},
    author={Chen, Jianxin and Zhang, Fang and Chen, Mingcheng and Huang, Cupjin and Newman, Michael and Shi, Yaoyun},
    eprint={arXiv:1805.01450},
    url={https://arxiv.org/abs/1805.01450}
}

@article{Liu2019,
  title={Variational Quantum Eigensolver with Fewer Qubits},
  author={Liu, Jin-Guo and Zhang, Yi-Hong and Wan, Yuan and Wang, Lei},
  eprint={arXiv:1902.02663},
  url={https://arxiv.org/abs/1902.02663}
}
